@article{someauthor,
    author  = "Someone",
    title   = "Title",
    year    = "2017",
    journal = "XY",
    volume  = "1",
    number  = "1",
    pages   = "100-200"
}
